@article{zhao2025hybrid,
  author    = {Yuyang Zhao and Hongbo Zhao},
  title     = {A hybrid machine learning framework by incorporating categorical boosting and manifold learning for financial analysis},
  journal   = {Intelligent Systems with Applications},
  volume    = {25},
  pages     = {200473},
  year      = {2025},
  publisher = {Elsevier},
  doi       = {10.1016/j.iswa.2024.200473},
  note      = {Available online 27 December 2024},
  url       = {https://doi.org/10.1016/j.iswa.2024.200473}
}
